

@misc{kaggledata,
  author = {Vijay Choudhary},
  title = {{HR Analytics Case Study}},
  year = "2018",
  url = "https://www.kaggle.com/datasets/vjchoudhary7/hr-analytics-case-study"
}

@misc{VIF1,
  author = "Investopedia Team",
  title = {{Variance Inflation Factor (VIF)}},
  year = "2021",
  url = "https://www.investopedia.com/terms/v/variance-inflation-factor.asp"
}

@misc{VIF2,
  author = {Wei-Meng Lee},
  title = {{Statistics in Python â€” Collinearity and Multicollinearity}},
  year = "2021",
  url = "https://towardsdatascience.com/statistics-in-python-collinearity-and-multicollinearity-4cc4dcd82b3f"
}

@misc{imbalance,
  author = "Benai Kumar",
  title = {{10 Techniques to deal with Imbalanced Classes in Machine Learning}},
  year = "2020",
  url = "https://www.analyticsvidhya.com/blog/2020/07/10-techniques-to-deal-with-class-imbalance-in-machine-learning/"
}

@misc{RF-procon,
  author = "Jagandeep Singh",
  title = {{Random Forest: Pros and Cons}},
  year = "2020",
  url = "https://medium.datadriveninvestor.com/random-forest-pros-and-cons-c1c42fb64f04"
}

@misc{why-RF,
  author = "Daksh Trehan",
  title = {{Why Choose Random Forest and Not Decision Trees}},
  year = "2020",
  url = "https://towardsai.net/p/machine-learning/why-choose-random-forest-and-not-decision-trees"
}